@article{MWW04,
  title={Short cycles in random regular graphs},
  author={McKay, Brendan D and Wormald, Nicholas C and Wysocka, Beata},
  journal={Electronic Journal of Combinatorics},
  volume={11},
	chapter={Research Paper 66},
  number={1},
  pages={1--12},
  year={2004}
}

@article{CDM05,
  title={Exchangeable pairs and {P}oisson approximation},
  author={Chatterjee, Sourav and Diaconis, Persi and Meckes, Elizabeth},
  journal={Probability Surveys},
  volume={2},
  pages={64--106},
  year={2005}
}

@article{Joh11,
  title={Exchangeable pairs, switchings, and random regular graphs},
  author={Johnson, Tobias},
  journal={arXiv preprint arXiv:1112.0704},
  year={2011}
}

@article{Ros11,
  title={Fundamentals of {S}tein's method},
  author={Ross, Nathan},
  journal={Probab. Surv},
  volume={8},
  pages={210--293},
  year={2011}
}

@book{JLR00,
  title={Random Graphs},
  author={Janson, Svante and {\L{}}uczak, Tomasz and Ruci{\'n}ski, Andrzej},
  year={2000},
  publisher={Cambridge Univ Press}
}

@article{MW91,
  title={Asymptotic enumeration by degree sequence of graphs with degrees $o(n^{1/2})$},
  author={McKay, Brendan D and Wormald, Nicholas C},
  journal={Combinatorica},
  volume={11},
  number={4},
  pages={369--382},
  year={1991},
  publisher={Springer}
}

@article{HM10,
  title={Combinatorial estimates by the switching method},
  author={Hasheminezhad, Mahdieh and McKay, Brendan D},
  journal={Contemporary Mathematics},
  pages={209--221},
  year={2010}
}

@article{GM13,
  title={Asymptotic enumeration of sparse multigraphs with given degrees},
  author={Greenhill, Catherine and McKay, Brendan D},
  journal={arXiv preprint arXiv:1303.4218},
  year={2013}
}

@book{Ste86,
  title={Approximate Computation of Expectations},
  author={Stein, Charles},
  series={IMS Lecture Notes -- Monograph Series},
  number={7},
  year={1986},
  publisher={IMS}
}

@article{FS12,
  title={{S}tein's method and the rank distribution of random matrices over finite fields},
  author={Fulman, Jason and Goldstein, Larry},
  journal={arXiv preprint arXiv:1211.0504},
  year={2012}
}

@article{Ste92,
  title={A way of using auxiliary randomization},
  author={Stein, Charles},
  journal={Probability Theory (Singapore, 1989)},
  pages={159--180},
  year={1992}
}

@article{BCX07,
  title={On {S}tein's method and perturbations},
  author={Barbour, Andrew D and {\v{C}}ekanavi\v{c}ius, Vydas and Xia, Aihua},
  journal={arXiv preprint math/0702008},
  year={2007}
}

@book{BHJ92,
  title={Poisson Approximation},
  author={Barbour, Andrew D and Holst, Lars and Janson, Svante},
  year={1992},
  publisher={Clarendon Press Oxford}
}

@book{BC05,
  title={An Introduction to {S}tein's Method},
  author={Barbour, Andrew D and Chen, Louis Hsiao Yun},
	series={Lecture notes series, Institute for Mathematical Sciences, National University of Singapore},
  volume={4},
  year={2005},
  publisher={Singapore University Press and World Scientific}
}

@article{LT71,
  title={On the complemented subspaces problem},
  author={Lindenstrauss, Joram and Tzafriri, Lior},
  journal={Israel Journal of Mathematics},
  volume={9},
  number={2},
  pages={263--269},
  year={1971},
  publisher={Springer}
}

@book{Vil03,
  title={Topics in Optimal Transportation},
  author={C{\'e}dric Villani},
  series={Graduate Studies in Mathematics},
  number={58},
  year={2003},
  publisher={American Mathematical Society}
}

@book{Rud66,
  title={Real and Complex Analysis},
  author={Rudin, Walter},
  year={1966},
  publisher={McGraw-Hill}
}

@book{Rud73,
  title={Functional Analysis},
  author={Rudin, Walter},
  year={1973},
  publisher={McGraw-Hill}
}

@incollection{Wor99,
  title={Models of random regular graphs},
  author={Wormald, Nicholas C},
  year={1999},
  booktitle={Surveys in Combinatorics},
  editor = {Preece, D A and Lamb, J D},
  series={London Mathematical Society Lecture Note Series},
  pages={239--298},
  publisher={Cambridge University Press},
}

@book{Kal02,
  title={Foundations of Modern Probability},
  author={Kallenberg, Olav},
  year={2002},
  publisher={Springer}
}

@book{CGS10,
  title={Normal Approximation by {S}tein's Method},
  author={Chen, Louis Hsiao Yun and Goldstein, Larry and Shao, Qi-Man},
  series={Probability and its Applications},
  year={2010},
  publisher={Springer}
}

@misc{Ste12,
  title={Berry-Esseen via {S}tein},
  author={Sternberg, Shlomo},
  year={2012},
  howpublished={Problem set 3 for Math 212a, Harvard, \\\href{http://isites.harvard.edu/fs/docs/icb.topic1129937.files/ex2121203.pdf}{http://isites.harvard.edu/fs/docs/icb.topic1129937.files/ex2121203.pdf}}
}

@article{Ber41,
  title={The accuracy of the {G}aussian approximation to the sum of independent variates},
  author={Berry, Andrew C},
  journal={Transactions of the American Mathematical Society},
  volume={49},
  number={1},
  pages={122--136},
  year={1941},
  publisher={JSTOR}
}

@article{Ess42,
  title={On the {L}iapounoff Limit of Error in the Theory of Probability},
  author={Esseen, Carl-Gustaf},
  journal={Arkiv f\"or Matematik, Astronomi och Fysik},
  volume={A28},
  number={9},
  pages={1--19},
  year={1942}
}

@article{Bar83,
  title={Poisson approximation for some statistics based on exchangeable trials},
  author={Barbour, AD and Eagleson, GK},
  journal={Advances in Applied Probability},
  volume={15},
  number={3},
  pages={585--600},
  year={1983}
}

@book{Die00,
  title={Graph Theory},
  author={Diestel, Reinhard},
  year={2000},
	series={Graduate Texts in Mathematics}
  publisher={Springer-Verlag}
}
